@article{daubechies2003framelets,
  title={Framelets: MRA-based constructions of wavelet frames},
  author={Daubechies, Ingrid and Han, Bin and Ron, Amos and Shen, Zuowei},
  journal={Applied and Computational Harmonic Analysis},
  volume={14},
  number={1},
  pages={1--46},
  year={2003},
  publisher={Elsevier}
}
@techreport{candes2000curvelets,
  title={Curvelets: A surprisingly effective nonadaptive representation for objects with edges},
  author={Candes, Emmanuel J and Donoho, David L},
  year={2000},
  institution={DTIC Document}
}


@inproceedings{do2002contourlets,
  title={Contourlets: a new directional multiresolution image representation},
  author={Do, Minh N and Vetterli, Martin},
  booktitle={Signals, Systems and Computers, 2002. Conference Record of the Thirty-Sixth Asilomar Conference on},
  volume={1},
  pages={497--501},
  year={2002},
  organization={IEEE}
}
@inproceedings{engan1999method,
  title={Method of optimal directions for frame design},
  author={Engan, Kjersti and Aase, Sven Ole and Hakon Husoy, J},
  booktitle={Acoustics, Speech, and Signal Processing, 1999. Proceedings., 1999 IEEE International Conference on},
  volume={5},
  pages={2443--2446},
  year={1999},
  organization={IEEE}
}

@article{aharon2006svd,
  title={-svd: An algorithm for designing overcomplete dictionaries for sparse representation},
  author={Aharon, Michal and Elad, Michael and Bruckstein, Alfred},
  journal={Signal Processing, IEEE Transactions on},
  volume={54},
  number={11},
  pages={4311--4322},
  year={2006},
  publisher={IEEE}
}

@article{olshausen1996emergence,
  title={Emergence of simple-cell receptive field properties by learning a sparse code for natural images},
  author={Olshausen, Bruno A and others},
  journal={Nature},
  volume={381},
  number={6583},
  pages={607--609},
  year={1996}
}

@article{bryt2008compression,
  title={Compression of facial images using the K-SVD algorithm},
  author={Bryt, Ori and Elad, Michael},
  journal={Journal of Visual Communication and Image Representation},
  volume={19},
  number={4},
  pages={270--282},
  year={2008},
  publisher={Elsevier}
}

@inproceedings{bryt2008improving,
  title={Improving the k-svd facial image compression using a linear deblocking method},
  author={Bryt, Ori and Elad, Michael},
  booktitle={Electrical and Electronics Engineers in Israel, 2008. IEEEI 2008. IEEE 25th Convention of},
  pages={533--537},
  year={2008},
  organization={IEEE}
}
@inproceedings{shen2010wavelet,
  title={Wavelet frames and image restorations},
  author={Shen, Zuowei},
  booktitle={Proceedings of the International congress of Mathematicians},
  volume={4},
  pages={2834--2863},
  year={2010}
}
@incollection{benedetto2001wavelet,
  title={Wavelet frames: multiresolution analysis and extension principles},
  author={Benedetto, John J and Treiber, Oliver M},
  booktitle={Wavelet transforms and time-frequency signal analysis},
  pages={3--36},
  year={2001},
  publisher={Springer}
}

@article{han2011adaptive,
  title={Adaptive multiresolution analysis structures and shearlet systems},
  author={Han, Bin and Kutyniok, Gitta and Shen, Zuowei},
  journal={SIAM Journal on Numerical Analysis},
  volume={49},
  number={5},
  pages={1921--1946},
  year={2011},
  publisher={SIAM}
}

@article{goldstein2009split,
  title={The split Bregman method for L1-regularized problems},
  author={Goldstein, Tom and Osher, Stanley},
  journal={SIAM Journal on Imaging Sciences},
  volume={2},
  number={2},
  pages={323--343},
  year={2009},
  publisher={SIAM}
}

@article{cai2014data,
  title={Data-driven tight frame construction and image denoising},
  author={Cai, Jian-Feng and Ji, Hui and Shen, Zuowei and Ye, Gui-Bo},
  journal={Applied and Computational Harmonic Analysis},
  volume={37},
  number={1},
  pages={89--105},
  year={2014},
  publisher={Elsevier}
}